% Encoding: UTF-8

@Report{SotE21,
  author      = {Fay Arjomandi and Matt Trifiro and Jacob Smith},
  date        = {2021},
  institution = {The Linud Foundation},
  title       = {State of the Edge 2021},
  type        = {techreport},
  subtitle    = {A Market and Ecosystem Report for Edge Computing},
  url         = {https://stateoftheedge.com/reports/state-of-the-edge-report-2021/},
  groups      = {Report},
}

@Comment{jabref-meta: databaseType:biblatex;}

@Comment{jabref-meta: grouping:
0 AllEntriesGroup:;
1 StaticGroup:Report\;0\;1\;0x8a8a8aff\;\;\;;
}
